% This file was created with JabRef 2.10.
% Encoding: Cp1252


@Article{Honaker2011,
  Title                    = {Amelia II: A Program for Missing Data},
  Author                   = {James Honaker and Gary King and Matthew Blackwell},
  Journal                  = {Journal of Statistical Software},
  Year                     = {2011},

  Month                    = {12},
  Number                   = {7},
  Pages                    = {1--47},
  Volume                   = {45},

  Accepted                 = {2011-06-01},
  Bibdate                  = {2011-06-01},
  Coden                    = {JSSOBK},
  Day                      = {12},
  ISSN                     = {1548-7660},
  Submitted                = {2009-05-30},
  Url                      = {http://www.jstatsoft.org/v45/i07}
}

@Book{rubin1987,
  Title                    = {Multiple Imputation for Nonresponse in Surveys},
  Author                   = {Rubin, D. B.},
  Publisher                = {Wiley},
  Year                     = {1987},

  Keywords                 = {Bayesian Missing Sample approach data; survey;},
  Pages                    = {258}
}

@Misc{,
  Title                    = {Schafers S+ packages},

  Author                   = {Schafer},
  Note                     = {http://sites.stat.psu.edu/~jls/misoftwa.html},

  Owner                    = {Nathan},
  Timestamp                = {2015.09.04}
}

@Book{van2012flexible,
  Title                    = {Flexible imputation of missing data},
  Author                   = {Van Buuren, Stef},
  Publisher                = {CRC press},
  Year                     = {2012}
}

